@misc{django,
  title = {The Web framework for perfectionists with deadlines | Django},
  howpublished = {\url{https://www.djangoproject.com/}},
}

@misc{bootstrap,
  title = {Bootstrap Â· The most popular HTML, CSS, and JS library in the world.},
  howpublished = {\url{https://getbootstrap.com/}},
}

@misc{sqlite,
  title = {SQLite Home Page},
  howpublished = {\url{https://www.sqlite.org/}},
}
