@inproceedings{he2016deep,
  title={Deep residual learning for image recognition},
  author={He, Kaiming and Zhang, Xiangyu and Ren, Shaoqing and Sun, Jian},
  booktitle={CVPR},
  pages={770--778},
  year={2016}
}

@inproceedings{krizhevsky2012imagenet,
  title={Imagenet classification with deep convolutional neural networks},
  author={Krizhevsky, Alex and Sutskever, Ilya and Hinton, Geoffrey E},
  booktitle={NIPS},
  pages={1097--1105},
  year={2012}
}
@article{bhagavatula2019abductive,
  title={Abductive commonsense reasoning},
  author={Bhagavatula, Chandra and Bras, Ronan Le and Malaviya, Chaitanya and Sakaguchi, Keisuke and Holtzman, Ari and Rashkin, Hannah and Downey, Doug and Yih, Scott Wen-tau and Choi, Yejin},
  journal={arXiv preprint arXiv:1908.05739},
  year={2019}
}

@article{girdhar2019cater,
  title={CATER: A diagnostic dataset for Compositional Actions and TEmporal Reasoning},
  author={Girdhar, Rohit and Ramanan, Deva},
  journal={arXiv preprint arXiv:1910.04744},
  year={2019}
}

@inproceedings{tapaswi2016movieqa,
  title={Movieqa: Understanding stories in movies through question-answering},
  author={Tapaswi, Makarand and Zhu, Yukun and Stiefelhagen, Rainer and Torralba, Antonio and Urtasun, Raquel and Fidler, Sanja},
  booktitle={Proceedings of the IEEE conference on computer vision and pattern recognition},
  pages={4631--4640},
  year={2016}
}

@inproceedings{zeng2017leveraging,
  title={Leveraging video descriptions to learn video question answering},
  author={Zeng, Kuo-Hao and Chen, Tseng-Hung and Chuang, Ching-Yao and Liao, Yuan-Hong and Niebles, Juan Carlos and Sun, Min},
  booktitle={Thirty-First AAAI Conference on Artificial Intelligence},
  year={2017}
}

@inproceedings{zellers2019recognition,
  title={From recognition to cognition: Visual commonsense reasoning},
  author={Zellers, Rowan and Bisk, Yonatan and Farhadi, Ali and Choi, Yejin},
  booktitle={Proceedings of the IEEE Conference on Computer Vision and Pattern Recognition},
  pages={6720--6731},
  year={2019}
}
@inproceedings{haurilet2019s,
  title={It's Not About the Journey; It's About the Destination: Following Soft Paths Under Question-Guidance for Visual Reasoning},
  author={Haurilet, Monica and Roitberg, Alina and Stiefelhagen, Rainer},
  booktitle={Proceedings of the IEEE Conference on Computer Vision and Pattern Recognition},
  pages={1930--1939},
  year={2019}
}

@article{vedantam2019probabilistic,
  title={Probabilistic Neural-symbolic Models for Interpretable Visual Question Answering},
  author={Vedantam, Ramakrishna and Desai, Karan and Lee, Stefan and Rohrbach, Marcus and Batra, Dhruv and Parikh, Devi},
  journal={arXiv preprint arXiv:1902.07864},
  year={2019}
}

@inproceedings{johnson2017clevr,
  title={{CLEVR}: A diagnostic dataset for compositional language and elementary visual reasoning},
  author={Johnson, Justin and Hariharan, Bharath and van der Maaten, Laurens and Fei-Fei, Li and Lawrence Zitnick, C and Girshick, Ross},
  booktitle={Proceedings of the IEEE Conference on Computer Vision and Pattern Recognition},
  pages={2901--2910},
  year={2017}
}

@InProceedings{Johnson_2017_ICCV,
author = {Johnson, Justin and Hariharan, Bharath and van der Maaten, Laurens and Hoffman, Judy and Fei-Fei, Li and Lawrence Zitnick, C. and Girshick, Ross},
title = {Inferring and Executing Programs for Visual Reasoning},
booktitle = {The IEEE International Conference on Computer Vision (ICCV)},
month = {Oct},
year = {2017}
}

@inproceedings{yi2018neural,
  title={Neural-symbolic {VQA}: Disentangling reasoning from vision and language understanding},
  author={Yi, Kexin and Wu, Jiajun and Gan, Chuang and Torralba, Antonio and Kohli, Pushmeet and Tenenbaum, Josh},
  booktitle={Advances in Neural Information Processing Systems},
  pages={1031--1042},
  year={2018}
}

@inproceedings{zhang2019raven,
  title={Raven: A dataset for relational and analogical visual reasoning},
  author={Zhang, Chi and Gao, Feng and Jia, Baoxiong and Zhu, Yixin and Zhu, Song-Chun},
  booktitle={Proceedings of the IEEE Conference on Computer Vision and Pattern Recognition},
  pages={5317--5327},
  year={2019}
}

@inproceedings{mandziuk2019deepiq,
  title={DeepIQ: A Human-Inspired AI System for Solving IQ Test Problems},
  author={Ma{\'n}dziuk, Jacek and {\.Z}ychowski, Adam},
  booktitle={2019 International Joint Conference on Neural Networks (IJCNN)},
  pages={1--8},
  year={2019},
  organization={IEEE}
}

@article{barrett2018measuring,
  title={Measuring abstract reasoning in neural networks},
  author={Barrett, David GT and Hill, Felix and Santoro, Adam and Morcos, Ari S and Lillicrap, Timothy},
  journal={arXiv preprint arXiv:1807.04225},
  year={2018}
}

@inproceedings{santoro2017simple,
  title={A simple neural network module for relational reasoning},
  author={Santoro, Adam and Raposo, David and Barrett, David G and Malinowski, Mateusz and Pascanu, Razvan and Battaglia, Peter and Lillicrap, Timothy},
  booktitle={Advances in neural information processing systems},
  pages={4967--4976},
  year={2017}
}

@inproceedings{zellers2019vcr,
  author = {Zellers, Rowan and Bisk, Yonatan and Farhadi, Ali and Choi, Yejin},
  title = {From Recognition to Cognition: Visual Commonsense Reasoning},
  booktitle = {The IEEE Conference on Computer Vision and Pattern Recognition (CVPR)},
  month = {June},
  year = {2019}
}

@inproceedings{shi2019explainable,
  title={Explainable and explicit visual reasoning over scene graphs},
  author={Shi, Jiaxin and Zhang, Hanwang and Li, Juanzi},
  booktitle={Proceedings of the IEEE Conference on Computer Vision and Pattern Recognition},
  pages={8376--8384},
  year={2019}
}

@InProceedings{Andreas_2016_CVPR,
author = {Andreas, Jacob and Rohrbach, Marcus and Darrell, Trevor and Klein, Dan},
title = {Neural Module Networks},
booktitle = {The IEEE Conference on Computer Vision and Pattern Recognition (CVPR)},
month = {June},
year = {2016}
}

@inproceedings{hudson2018compositional,
  title={Compositional Attention Networks for Machine Reasoning},
  author={Hudson, Drew A and Manning, Christopher D},
  journal={International Conference on Learning Representations (ICLR)},
  year={2018}
}

@article{hudson2018gqa,
  title={GQA: A New Dataset for Real-World Visual Reasoning and Compositional Question Answering},
  author={Hudson, Drew A and Manning, Christopher D},
  journal={Conference on Computer Vision and Pattern Recognition (CVPR)},
  year={2019}
}
@inproceedings{kuehne2011hmdb,
  title={HMDB: a large video database for human motion recognition},
  author={Kuehne, Hildegard and Jhuang, Hueihan and Garrote, Est{\'\i}baliz and Poggio, Tomaso and Serre, Thomas},
  year={2011},
  organization={IEEE}
}

@article{soomro2012ucf101,
  title={UCF101: A dataset of 101 human actions classes from videos in the wild},
  author={Soomro, Khurram and Zamir, Amir Roshan and Shah, Mubarak},
  journal={arXiv preprint arXiv:1212.0402},
  year={2012}
} 

@inproceedings{xu2016msr,
  title={Msr-vtt: A large video description dataset for bridging video and language},
  author={Xu, Jun and Mei, Tao and Yao, Ting and Rui, Yong},
  booktitle={Proceedings of the IEEE conference on computer vision and pattern recognition},
  pages={5288--5296},
  year={2016}
}

@inproceedings{zhou2018towards,
  title={Towards automatic learning of procedures from web instructional videos},
  author={Zhou, Luowei and Xu, Chenliang and Corso, Jason J},
  booktitle={Thirty-Second AAAI Conference on Artificial Intelligence},
  year={2018}
}

@article{abu2016youtube,
  title={Youtube-8m: A large-scale video classification benchmark},
  author={Abu-El-Haija, Sami and Kothari, Nisarg and Lee, Joonseok and Natsev, Paul and Toderici, George and Varadarajan, Balakrishnan and Vijayanarasimhan, Sudheendra},
  journal={arXiv preprint arXiv:1609.08675},
  year={2016}
}

@inproceedings{zhukov2019cross,
  title={Cross-task weakly supervised learning from instructional videos},
  author={Zhukov, Dimitri and Alayrac, Jean-Baptiste and Cinbis, Ramazan Gokberk and Fouhey, David and Laptev, Ivan and Sivic, Josef},
  booktitle={Proceedings of the IEEE Conference on Computer Vision and Pattern Recognition},
  pages={3537--3545},
  year={2019}
}

@inproceedings{carreira2017quo,
  title={Quo vadis, action recognition? a new model and the kinetics dataset},
  author={Carreira, Joao and Zisserman, Andrew},
  booktitle={proceedings of the IEEE Conference on Computer Vision and Pattern Recognition},
  pages={6299--6308},
  year={2017}
}
